
@incollection {BS,
    AUTHOR = {Burke, Jesse and Stevenson, Greg},
     TITLE = {The derived category of a graded {G}orenstein ring},
 BOOKTITLE = {Commutative algebra and noncommutative algebraic geometry.
              {V}ol. {II}},
    SERIES = {Math. Sci. Res. Inst. Publ.},
    VOLUME = {68},
     PAGES = {93--123},
 PUBLISHER = {Cambridge Univ. Press, New York},
      YEAR = {2015},
   MRCLASS = {16E65 (13D09 16E35 16W50)},
  MRNUMBER = {3496862},
MRREVIEWER = {Marco A. P\'{e}rez},
}

@article{Eisenbud2020,
  doi = {10.4171/jems/1024},
  url = {https://doi.org/10.4171/jems/1024},
  year = {2020},
  month = nov,
  publisher = {European Mathematical Society - {EMS} - Publishing House {GmbH}},
  volume = {23},
  number = {3},
  pages = {845--867},
  author = {David Eisenbud and Irena Peeva},
  title = {Layered resolutions of Cohen{\textendash}Macaulay modules},
  journal = {Journal of the European Mathematical Society}
}

@article {SHAMASH19711,
    AUTHOR = {Shamash, Jack},
     TITLE = {The {P}oincar\'{e} series of a local ring. {II}},
   JOURNAL = {J. Algebra},
  FJOURNAL = {Journal of Algebra},
    VOLUME = {17},
      YEAR = {1971},
     PAGES = {1--18},
      ISSN = {0021-8693},
   MRCLASS = {13.95},
  MRNUMBER = {269646},
MRREVIEWER = {R. M. Fossum},
       DOI = {10.1016/0021-8693(71)90037-8},
       URL = {https://doi.org/10.1016/0021-8693(71)90037-8},
}

@incollection {eisenbudenriched,
    AUTHOR = {Eisenbud, David},
     TITLE = {Enriched free resolutions and change of rings},
 BOOKTITLE = {S\'{e}minaire d'{A}lg\`ebre {P}aul {D}ubreil, 29\`eme ann\'{e}e ({P}aris,
              1975--1976)},
    SERIES = {Lecture Notes in Math.},
    VOLUME = {586},
     PAGES = {1--8},
 PUBLISHER = {Springer, Berlin},
      YEAR = {1977},
   MRCLASS = {13D99 (14E99)},
  MRNUMBER = {0568883},
MRREVIEWER = {J. Ohm},
}

@article {Gasharov-Peeva_90,
    AUTHOR = {Gasharov, Vesselin N. and Peeva, Irena V.},
     TITLE = {Boundedness versus periodicity over commutative local rings},
   JOURNAL = {Trans. Amer. Math. Soc.},
  FJOURNAL = {Transactions of the American Mathematical Society},
    VOLUME = {320},
      YEAR = {1990},
    NUMBER = {2},
     PAGES = {569--580},
      ISSN = {0002-9947},
   MRCLASS = {13D05 (13H99)},
  MRNUMBER = {967311},
MRREVIEWER = {J\"{u}rgen Herzog},
       DOI = {10.2307/2001689},
       URL = {https://doi.org/10.2307/2001689},
}



@article{Golod_burke,
  title={Higher homotopies and {G}olod rings},
  author={Burke, Jesse},
  journal={arXiv:1508.03782},
  year={2015}
}


@book {EP,
    AUTHOR = {Eisenbud, David and Peeva, Irena},
     TITLE = {Minimal free resolutions over complete intersections},
    SERIES = {Lecture Notes in Mathematics},
    VOLUME = {2152},
 PUBLISHER = {Springer, Cham},
      YEAR = {2016},
     PAGES = {x+107},
      ISBN = {978-3-319-26436-3; 978-3-319-26437-0},
   MRCLASS = {13D02 (13C40 13H10)},
  MRNUMBER = {3445368},
MRREVIEWER = {Benjamin P. Richert},
       DOI = {10.1007/978-3-319-26437-0},
       URL = {https://doi.org/10.1007/978-3-319-26437-0},
}

@incollection {avramov,
    AUTHOR = {Avramov, Luchezar L.},
     TITLE = {Golod homomorphisms},
 BOOKTITLE = {Algebra, algebraic topology and their interactions
              ({S}tockholm, 1983)},
    SERIES = {Lecture Notes in Math.},
    VOLUME = {1183},
     PAGES = {59--78},
 PUBLISHER = {Springer, Berlin},
      YEAR = {1986},
   MRCLASS = {13D03 (13D25 13H10)},
  MRNUMBER = {846439},
MRREVIEWER = {Daniel Tanr\'{e}},
       DOI = {10.1007/BFb0075450},
       URL = {https://doi.org/10.1007/BFb0075450},
}


@book {yoshino,
    AUTHOR = {Yoshino, Yuji},
     TITLE = {Cohen-{M}acaulay modules over {C}ohen-{M}acaulay rings},
    SERIES = {London Mathematical Society Lecture Note Series},
    VOLUME = {146},
 PUBLISHER = {Cambridge University Press, Cambridge},
      YEAR = {1990},
     PAGES = {viii+177},
      ISBN = {0-521-35694-6},
   MRCLASS = {13C14 (13H10 14B05 16G70)},
  MRNUMBER = {1079937},
MRREVIEWER = {J\"{u}rgen Herzog},
       DOI = {10.1017/CBO9780511600685},
       URL = {https://doi.org/10.1017/CBO9780511600685},
}


@article{Koh2006ONCI,
  title={ON COLUMN INVARIANT AND INDEX OF COHEN-MACAULAY LOCAL RINGS},
  author={Jee Heub Koh and Ki-Suk Lee},
  journal={Journal of Korean Medical Science},
  year={2006},
  volume={43},
  pages={871-883}
}

@article {DE,
    AUTHOR = {Dao, Hailong and Eisenbud, David},
     TITLE = {Burch index, summands of syzygies and linearity in
              resolutions},
   JOURNAL = {Bull. Iranian Math. Soc.},
  FJOURNAL = {Bulletin of the Iranian Mathematical Society},
    VOLUME = {49},
      YEAR = {2023},
    NUMBER = {2},
     PAGES = {10},
      ISSN = {1017-060X},
   MRCLASS = {13D02 (13H10 14B99)},
  MRNUMBER = {4549775},
       DOI = {10.1007/s41980-023-00755-x},
       URL = {https://doi.org/10.1007/s41980-023-00755-x},
}

@article {BE,
    AUTHOR = {Buchsbaum, David A. and Eisenbud, David},
     TITLE = {What makes a complex exact?},
   JOURNAL = {J. Algebra},
  FJOURNAL = {Journal of Algebra},
    VOLUME = {25},
      YEAR = {1973},
     PAGES = {259--268},
      ISSN = {0021-8693},
   MRCLASS = {13C05},
  MRNUMBER = {314819},
MRREVIEWER = {Samuel H. Cox, Jr.},
       DOI = {10.1016/0021-8693(73)90044-6},
       URL = {https://doi.org/10.1016/0021-8693(73)90044-6},
}


@article {EH,
    AUTHOR = {Eisenbud, David and Huneke, Craig},
     TITLE = {A finiteness property of infinite resolutions},
   JOURNAL = {J. Pure Appl. Algebra},
  FJOURNAL = {Journal of Pure and Applied Algebra},
    VOLUME = {201},
      YEAR = {2005},
    NUMBER = {1-3},
     PAGES = {284--294},
      ISSN = {0022-4049},
   MRCLASS = {13D02},
  MRNUMBER = {2158760},
MRREVIEWER = {Benjamin P. Richert},
       DOI = {10.1016/j.jpaa.2004.12.048},
       URL = {https://doi.org/10.1016/j.jpaa.2004.12.048},
}

@article {EHU2,
    AUTHOR = {Eisenbud, David and Huneke, Craig and Ulrich, Bernd},
     TITLE = {A simple proof of some generalized principal ideal theorems},
   JOURNAL = {Proc. Amer. Math. Soc.},
  FJOURNAL = {Proceedings of the American Mathematical Society},
    VOLUME = {129},
      YEAR = {2001},
    NUMBER = {9},
     PAGES = {2535--2540},
      ISSN = {0002-9939},
   MRCLASS = {13C15 (13C40)},
  MRNUMBER = {1838374},
       DOI = {10.1090/S0002-9939-01-05877-4},
       URL = {https://doi.org/10.1090/S0002-9939-01-05877-4},
}

@article {EHU,
    AUTHOR = {Eisenbud, David and Huneke, Craig and Ulrich, Bernd},
     TITLE = {Heights of ideals of minors},
   JOURNAL = {Amer. J. Math.},
  FJOURNAL = {American Journal of Mathematics},
    VOLUME = {126},
      YEAR = {2004},
    NUMBER = {2},
     PAGES = {417--438},
      ISSN = {0002-9327},
   MRCLASS = {13C40 (13C15)},
  MRNUMBER = {2045507},
MRREVIEWER = {Paulo F. Machado},
       URL =
              {http://muse.jhu.edu/journals/american_journal_of_mathematics/v126/126.2eisenbud.pdf},
}

@Misc{M2,
  author = {},
  title = {Macaulay2, a system for computation in algebraic geometry and commutative algebra
programmed by {D}. {G}rayson and {M}. {S}tillman},
  url = {http://www.math.uiuc.edu/Macaulay2/}
}

@article {iyengarchange,
    AUTHOR = {Iyengar, Srikanth},
     TITLE = {Free resolutions and change of rings},
   JOURNAL = {J. Algebra},
  FJOURNAL = {Journal of Algebra},
    VOLUME = {190},
      YEAR = {1997},
    NUMBER = {1},
     PAGES = {195--213},
      ISSN = {0021-8693},
   MRCLASS = {13D02},
  MRNUMBER = {1442152},
MRREVIEWER = {L\^{e} Tu\^{a}n Hoa},
       DOI = {10.1006/jabr.1996.6901},
       URL = {https://doi.org/10.1006/jabr.1996.6901},
}

@article {KOH1998671,
    AUTHOR = {Koh, Jee and Lee, Kisuk},
     TITLE = {Some restrictions on the maps in minimal resolutions},
   JOURNAL = {J. Algebra},
  FJOURNAL = {Journal of Algebra},
    VOLUME = {202},
      YEAR = {1998},
    NUMBER = {2},
     PAGES = {671--689},
      ISSN = {0021-8693},
   MRCLASS = {13D02},
  MRNUMBER = {1617663},
MRREVIEWER = {Mark R. Johnson},
       DOI = {10.1006/jabr.1997.7310},
       URL = {https://doi.org/10.1006/jabr.1997.7310},
}


@article {IYENGAR2021280,
    AUTHOR = {Iyengar, Srikanth B. and Takahashi, Ryo},
     TITLE = {The {J}acobian ideal of a commutative ring and annihilators of
              cohomology},
   JOURNAL = {J. Algebra},
  FJOURNAL = {Journal of Algebra},
    VOLUME = {571},
      YEAR = {2021},
     PAGES = {280--296},
      ISSN = {0021-8693},
   MRCLASS = {13D07 (13D03 13D09 16E30 16E45)},
  MRNUMBER = {4200721},
MRREVIEWER = {Greg Piepmeyer},
       DOI = {10.1016/j.jalgebra.2018.07.034},
       URL = {https://doi.org/10.1016/j.jalgebra.2018.07.034},
}

@article {HWY,
    AUTHOR = {Herzog, J\"{u}rgen and Welker, Volkmar and Yassemi, Siamak},
     TITLE = {Homology of powers of ideals: {A}rtin-{R}ees numbers of
              syzygies and the {G}olod property},
   JOURNAL = {Algebra Colloq.},
  FJOURNAL = {Algebra Colloquium},
    VOLUME = {23},
      YEAR = {2016},
    NUMBER = {4},
     PAGES = {689--700},
      ISSN = {1005-3867},
   MRCLASS = {13A30 (13D02)},
  MRNUMBER = {3563560},
MRREVIEWER = {Dancheng Lu},
       DOI = {10.1142/S1005386716000584},
       URL = {https://doi.org/10.1142/S1005386716000584},
}

@article {HH,
    AUTHOR = {Herzog, J\"{u}rgen and Huneke, Craig},
     TITLE = {Ordinary and symbolic powers are {G}olod},
   JOURNAL = {Adv. Math.},
  FJOURNAL = {Advances in Mathematics},
    VOLUME = {246},
      YEAR = {2013},
     PAGES = {89--99},
      ISSN = {0001-8708},
   MRCLASS = {13D40 (13A02 13N15)},
  MRNUMBER = {3091800},
MRREVIEWER = {Irena Swanson},
       DOI = {10.1016/j.aim.2013.07.002},
       URL = {https://doi.org/10.1016/j.aim.2013.07.002},
}

@article {EG,
    AUTHOR = {Eisenbud, David and Green, Mark L.},
     TITLE = {Ideals of minors in free resolutions},
   JOURNAL = {Duke Math. J.},
  FJOURNAL = {Duke Mathematical Journal},
    VOLUME = {75},
      YEAR = {1994},
    NUMBER = {2},
     PAGES = {339--352},
      ISSN = {0012-7094},
   MRCLASS = {13D02 (13C10 13D25)},
  MRNUMBER = {1290196},
MRREVIEWER = {Jos\'{e} F. Andrade},
       DOI = {10.1215/S0012-7094-94-07510-8},
       URL = {https://doi.org/10.1215/S0012-7094-94-07510-8},
}

@article {Wang1994OnTF,
    AUTHOR = {Wang, Hsin-Ju},
     TITLE = {On the {F}itting ideals in free resolutions},
   JOURNAL = {Michigan Math. J.},
  FJOURNAL = {Michigan Mathematical Journal},
    VOLUME = {41},
      YEAR = {1994},
    NUMBER = {3},
     PAGES = {587--608},
      ISSN = {0026-2285},
   MRCLASS = {13D02 (13C14 13H10)},
  MRNUMBER = {1297711},
MRREVIEWER = {Marko Roczen},
       DOI = {10.1307/mmj/1029005082},
       URL = {https://doi.org/10.1307/mmj/1029005082},
}

@book {buchweitz,
    AUTHOR = {Buchweitz, Ragnar-Olaf},
     TITLE = {Maximal {C}ohen-{M}acaulay modules and {T}ate cohomology},
    SERIES = {Mathematical Surveys and Monographs},
    VOLUME = {262},
      NOTE = {with appendices and an introduction by Luchezar L. Avramov,
              Benjamin Briggs, Srikanth B. Iyengar and Janina C. Letz},
 PUBLISHER = {American Mathematical Society, Providence, RI},
      YEAR = {2021},
     PAGES = {xii+175},
      ISBN = {978-1-4704-5340-4},
   MRCLASS = {13C14 (16E40 18G65)},
  MRNUMBER = {4390795},
MRREVIEWER = {Haohao Wang},
       DOI = {10.1090/surv/262},
       URL = {https://doi.org/10.1090/surv/262},
}

@article {Eisenbud_1980,
    AUTHOR = {Eisenbud, David},
     TITLE = {Homological algebra on a complete intersection, with an
              application to group representations},
   JOURNAL = {Trans. Amer. Math. Soc.},
  FJOURNAL = {Transactions of the American Mathematical Society},
    VOLUME = {260},
      YEAR = {1980},
    NUMBER = {1},
     PAGES = {35--64},
      ISSN = {0002-9947},
   MRCLASS = {13D25 (13H10 14M10 18G10 20C20)},
  MRNUMBER = {570778},
MRREVIEWER = {D. Kirby},
       DOI = {10.2307/1999875},
       URL = {https://doi.org/10.2307/1999875},
}

@article {Tate_57,
    AUTHOR = {Tate, John},
     TITLE = {Homology of {N}oetherian rings and local rings},
   JOURNAL = {Illinois J. Math.},
  FJOURNAL = {Illinois Journal of Mathematics},
    VOLUME = {1},
      YEAR = {1957},
     PAGES = {14--27},
      ISSN = {0019-2082},
   MRCLASS = {18.0X},
  MRNUMBER = {86072},
MRREVIEWER = {D. Buchsbaum},
       URL = {http://projecteuclid.org/euclid.ijm/1255378502},
}

@article {BW,
    AUTHOR = {Burke, Jesse and Walker, Mark E.},
     TITLE = {Matrix factorizations in higher codimension},
   JOURNAL = {Trans. Amer. Math. Soc.},
  FJOURNAL = {Transactions of the American Mathematical Society},
    VOLUME = {367},
      YEAR = {2015},
    NUMBER = {5},
     PAGES = {3323--3370},
      ISSN = {0002-9947},
   MRCLASS = {13D02 (13D09 14F05)},
  MRNUMBER = {3314810},
MRREVIEWER = {Shahram Biglari},
       DOI = {10.1090/S0002-9947-2015-06323-5},
       URL = {https://doi.org/10.1090/S0002-9947-2015-06323-5},
}

@article {orlov2,
    AUTHOR = {Orlov, D. O.},
     TITLE = {Triangulated categories of singularities, and equivalences
              between {L}andau-{G}inzburg models},
   JOURNAL = {Mat. Sb.},
  FJOURNAL = {Matematicheski\u{\i} Sbornik},
    VOLUME = {197},
      YEAR = {2006},
    NUMBER = {12},
     PAGES = {117--132},
      ISSN = {0368-8666},
   MRCLASS = {14D21 (14B05 14F05 18E30)},
  MRNUMBER = {2437083},
MRREVIEWER = {Vasile Br\^{i}nz\u{a}nescu},
       DOI = {10.1070/SM2006v197n12ABEH003824},
       URL = {https://doi.org/10.1070/SM2006v197n12ABEH003824},
}

@phdthesis{martin,
  title={Curved {BGG} Correspondence},
  author={Martin, A. Amadeus},
  year={2021},
  school={The University of Nebraska-Lincoln}
}

@incollection{orlov,
  title={Derived categories of coherent sheaves and triangulated categories of singularities},
  author={Orlov, Dmitri O.},
  booktitle={Algebra, arithmetic, and geometry},
  pages={503--531},
  year={2009},
  publisher={Springer}
}

@BOOK{Nagata,
    AUTHOR = "Nagata, Masayoshi",
    TITLE = "Local rings",
    SERIES = "Interscience Tracts in Pure and Applied Mathematics, No. 13",
    PUBLISHER = "Interscience Publishers a division of John Wiley \& Sons\, New York-London",
    YEAR = "1962",
    PAGES = "xiii+234"
}

@misc{nlab:limits_commute_with_limits,
  author = {{nLab authors}},
  title = {limits commute with limits},
  howpublished = {\url{https://ncatlab.org/nlab/show/limits%20commute%20with%20limits}},
  note = {\href{https://ncatlab.org/nlab/revision/limits%20commute%20with%20limits/3}{Revision 3}},
  month = oct,
  year = 2022
}

@article{PMIHES_1997__86__67_0,
     author = {Avramov, Luchezar L. and Gasharov, Vesselin N. and Peeva, Irena V.},
     title = {Complete intersection dimension},
     journal = {Publications Math\'ematiques de l'IH\'ES},
     pages = {67--114},
     publisher = {Institut des Hautes \'Etudes Scientifiques},
     volume = {86},
     year = {1997},
     zbl = {0918.13008},
     mrnumber = {99c:13033},
     language = {en},
     url = {http://www.numdam.org/item/PMIHES_1997__86__67_0/}
}

@article{Eisenbud2019,
  doi = {10.1090/proc/14480},
  url = {https://doi.org/10.1090/proc/14480},
  year = {2019},
  month = mar,
  publisher = {American Mathematical Society ({AMS})},
  volume = {147},
  number = {7},
  pages = {2857--2861},
  author = {David Eisenbud and Irena Peeva and Frank-Olaf Schreyer},
  title = {Non-commutative {CI} operators},
  journal = {Proceedings of the American Mathematical Society}
}

@article {lescot,
    AUTHOR = {Lescot, Jack},
     TITLE = {S\'{e}ries de {P}oincar\'{e} et modules inertes},
   JOURNAL = {J. Algebra},
  FJOURNAL = {Journal of Algebra},
    VOLUME = {132},
      YEAR = {1990},
    NUMBER = {1},
     PAGES = {22--49},
      ISSN = {0021-8693},
   MRCLASS = {13D40 (13D03 13H15 18G15 18G40)},
  MRNUMBER = {1060830},
MRREVIEWER = {R\"{u}diger Achilles},
       DOI = {10.1016/0021-8693(90)90250-R},
       URL = {https://doi.org/10.1016/0021-8693(90)90250-R},
}


@phdthesis{Trace_Lindo,
author = {Lindo,Haydee M. A.},
year={2016},
title={Trace ideals and the centers of endomorphism rings of modules over commutative rings},
journal={ProQuest Dissertations and Theses},
school={The University of Utah},
}

@article{Vasconcelos1991,
  doi = {10.1090/s0002-9939-1991-1055780-6},
  url = {https://doi.org/10.1090/s0002-9939-1991-1055780-6},
  year = {1991},
  month = mar,
  publisher = {American Mathematical Society ({AMS})},
  volume = {113},
  number = {3},
  pages = {633--633},
  author = {Wolmer V. Vasconcelos},
  title = {Computing the integral closure of an affine domain},
  journal = {Proceedings of the American Mathematical Society}
}

@article{AVRAMOV200024,
title = {Homological Algebra Modulo a Regular Sequence with Special Attention to Codimension Two},
journal = {Journal of Algebra},
volume = {230},
number = {1},
pages = {24-67},
year = {2000},
issn = {0021-8693},
doi = {https://doi.org/10.1006/jabr.1999.7953},
url = {https://www.sciencedirect.com/science/article/pii/S002186939997953X},
author = {Luchezar L Avramov and Ragnar-Olaf Buchweitz},
abstract = {Let M be a finite module over a ring R obtained from a commutative ring Q by factoring out an ideal generated by a regular sequence. The homological properties M over R and over Q are intimately related. Their links are analyzed here from the point of view of differential graded homological algebra over a Koszul complex that resolves R over Q. One outcome of this approach is a transparent derivation of some central results of the theory. Another is a new insight into codimension two phenomena, yielding an explicit finitistic construction of the generally infinite minimal R-free resolution of M. It leads to theorems on the structure and classification of finite modules over codimension two local complete intersections that are exact counterparts of Eisenbud's results for modules over hypersurfaces.}
}

@inproceedings{Buchweitz1986MaximalCM,
  title={Maximal Cohen-Macaulay Modules and Tate-Cohomology Over Gorenstein Rings},
  author={Ragnar Buchweitz},
  year={1986}
}

@incollection {Avramov1998,
    AUTHOR = {Avramov, Luchezar L.},
     TITLE = {Infinite free resolutions},
 BOOKTITLE = {Six lectures on commutative algebra},
    SERIES = {Mod. Birkh\"{a}user Class.},
     PAGES = {1--118},
 PUBLISHER = {Birkh\"{a}user Verlag, Basel},
      YEAR = {2010},
   MRCLASS = {13D02 (13D05)},
  MRNUMBER = {2641236},
       DOI = {10.1007/978-3-0346-0329-4\_1},
       URL = {https://doi.org/10.1007/978-3-0346-0329-4_1},
}


@article{iyengar_takahashi_ca,
    author = {Iyengar, Srikanth B. and Takahashi, Ryo},
    title = "{Annihilation of Cohomology and Strong Generation of Module Categories}",
    journal = {International Mathematics Research Notices},
    volume = {2016},
    number = {2},
    pages = {499-535},
    year = {2015},
    month = {05},
    abstract = "{The cohomology annihilator of a noetherian ring that is finitely generated as a module over its center is introduced. Results are established linking the existence of nontrivial cohomology annihilators and the existence of strong generators for the category of finitely generated modules. Exploiting this link, results of Popescu and Roczen, and Wang concerning cohomology annihilators of commutative rings, and also results of Aihara and Takahashi, Keller and Van den Bergh, and Rouquier on strong finite generation of the corresponding bounded derived category, are generalized to cover excellent local rings and also rings essentially of finite type over a field.}",
    issn = {1073-7928},
    doi = {10.1093/imrn/rnv136},
    url = {https://doi.org/10.1093/imrn/rnv136},
    eprint = {https://academic.oup.com/imrn/article-pdf/2016/2/499/7374724/rnv136.pdf},
}

@book {Gulliksen1969HomologyOL,
    AUTHOR = {Gulliksen, Tor H. and Levin, Gerson},
     TITLE = {Homology of local rings},
    SERIES = {Queen's Papers in Pure and Applied Mathematics, No. 20},
 PUBLISHER = {Queen's University, Kingston, Ont.},
      YEAR = {1969},
     PAGES = {x+192},
   MRCLASS = {13.90},
  MRNUMBER = {0262227},
MRREVIEWER = {M. Nagata},
}




@article{Avramov1989,
  doi = {10.1007/bf01393971},
  url = {https://doi.org/10.1007/bf01393971},
  year = {1989},
  month = feb,
  publisher = {Springer Science and Business Media {LLC}},
  volume = {96},
  number = {1},
  pages = {71--101},
  author = {L. L. Avramov},
  title = {Modules of finite virtual projective dimension},
  journal = {Inventiones Mathematicae}
}

@book {roberts_1998,
    AUTHOR = {Roberts, Paul C.},
     TITLE = {Multiplicities and {C}hern classes in local algebra},
    SERIES = {Cambridge Tracts in Mathematics},
    VOLUME = {133},
 PUBLISHER = {Cambridge University Press, Cambridge},
      YEAR = {1998},
     PAGES = {xii+303},
      ISBN = {0-521-47316-0},
   MRCLASS = {13D22 (13H15 14C17)},
  MRNUMBER = {1686450},
MRREVIEWER = {Hans-Bj\o rn Foxby},
       DOI = {10.1017/CBO9780511529986},
       URL = {https://doi.org/10.1017/CBO9780511529986},
}


@article{srikanth_1999,
author = {Iyengar, Srikanth},
year = {1999},
month = {03},
pages = {545-567},
title = {Depth for complexes, and intersection theorems},
volume = {230},
journal = {Mathematische Zeitschrift},
doi = {10.1007/PL00004705}
}

@misc{Foxby2003,
  doi = {10.1090/conm/331/05906},
  url = {https://doi.org/10.1090/conm/331/05906},
  year = {2003},
  publisher = {American Mathematical Society},
  pages = {119--137},
  author = {Hans-Bj{\o}rn Foxby and Srikanth Iyengar},
  title = {Depth and amplitude for unbounded complexes}
}

@article{Minamoto2021,
  doi = {10.1007/s11856-021-2095-3},
  url = {https://doi.org/10.1007/s11856-021-2095-3},
  year = {2021},
  month = jan,
  publisher = {Springer Science and Business Media {LLC}},
  volume = {242},
  number = {1},
  pages = {1--36},
  author = {Hiroyuki Minamoto},
  title = {Homological identities and dualizing complexes of commutative differential graded algebras},
  journal = {Israel Journal of Mathematics}
}

@article{Hartshorne1994,
  doi = {10.1007/bf00960866},
  url = {https://doi.org/10.1007/bf00960866},
  year = {1994},
  month = may,
  publisher = {Portico},
  volume = {8},
  number = {3},
  pages = {287--339},
  author = {Robin Hartshorne},
  title = {Generalized divisors on Gorenstein schemes},
  journal = {K-Theory}
}

@article{Chevalley,
 ISSN = {0003486X},
 URL = {http://www.jstor.org/stable/1969105},
 author = {Claude Chevalley},
 journal = {Annals of Mathematics},
 number = {4},
 pages = {690--708},
 publisher = {Annals of Mathematics},
 title = {On the Theory of Local Rings},
 urldate = {2023-03-29},
 volume = {44},
 year = {1943}
}


@article {HJ,
    AUTHOR = {Heitmann, Raymond C. and Jorgensen, David A.},
     TITLE = {Are complete intersections complete intersections?},
   JOURNAL = {J. Algebra},
  FJOURNAL = {Journal of Algebra},
    VOLUME = {371},
      YEAR = {2012},
     PAGES = {276--299},
      ISSN = {0021-8693},
   MRCLASS = {13C40 (13J10 14M10)},
  MRNUMBER = {2975397},
MRREVIEWER = {N. Mohan Kumar},
       DOI = {10.1016/j.jalgebra.2012.08.006},
       URL = {https://doi.org/10.1016/j.jalgebra.2012.08.006},
}

@article {BEalgebra,
    AUTHOR = {Buchsbaum, David A. and Eisenbud, David},
     TITLE = {Algebra structures for finite free resolutions, and some
              structure theorems for ideals of codimension {$3$}},
   JOURNAL = {Amer. J. Math.},
  FJOURNAL = {American Journal of Mathematics},
    VOLUME = {99},
      YEAR = {1977},
    NUMBER = {3},
     PAGES = {447--485},
      ISSN = {0002-9327},
   MRCLASS = {13D15},
  MRNUMBER = {453723},
MRREVIEWER = {M. Nagata},
       DOI = {10.2307/2373926},
       URL = {https://doi.org/10.2307/2373926},
}



@book {bruns_herzog,
    AUTHOR = {Bruns, Winfried and Herzog, J\"{u}rgen},
     TITLE = {Cohen-{M}acaulay rings},
    SERIES = {Cambridge Studies in Advanced Mathematics},
    VOLUME = {39},
 PUBLISHER = {Cambridge University Press, Cambridge},
      YEAR = {1993},
     PAGES = {xii+403},
      ISBN = {0-521-41068-1},
   MRCLASS = {13H10 (13-02)},
  MRNUMBER = {1251956},
MRREVIEWER = {Matthew Miller},
}

@article {gulliksen,
    AUTHOR = {Gulliksen, Tor Holtedahl},
     TITLE = {A proof of the existence of minimal {$R$}-algebra resolutions},
   JOURNAL = {Acta Math.},
  FJOURNAL = {Acta Mathematica},
    VOLUME = {120},
      YEAR = {1968},
     PAGES = {53--58},
      ISSN = {0001-5962},
   MRCLASS = {13.95},
  MRNUMBER = {224607},
MRREVIEWER = {M. Pavaman Murthy},
       DOI = {10.1007/BF02394606},
       URL = {https://doi.org/10.1007/BF02394606},
}


@article {Katzman,
    AUTHOR = {Katzman, Mordechai},
     TITLE = {Parameter-test-ideals of {C}ohen-{M}acaulay rings},
   JOURNAL = {Compos. Math.},
  FJOURNAL = {Compositio Mathematica},
    VOLUME = {144},
      YEAR = {2008},
    NUMBER = {4},
     PAGES = {933--948},
      ISSN = {0010-437X},
   MRCLASS = {13H10 (13A35 13D45)},
  MRNUMBER = {2441251},
MRREVIEWER = {Irena Swanson},
       DOI = {10.1112/S0010437X07003417},
       URL = {https://doi.org/10.1112/S0010437X07003417},
}

@article{DMS,
  doi = {10.1090/btran/96},
  url = {https://doi.org/10.1090/btran/96},
  year = {2023},
  month = mar,
  publisher = {American Mathematical Society ({AMS})},
  volume = {10},
  number = {12},
  pages = {355--380},
  author = {Hailong Dao and Sarasij Maitra and Prashanth Sridhar},
  title = {On reflexive and {I}-{U}lrich modules over curve singularities},
  journal = {Transactions of the American Mathematical Society,  Series B}
}

@article {EFS,
AUTHOR = {Eisenbud, David and Fl{\o}ystad, Gunnar and Schreyer, Frank-Olaf},
     TITLE = {Sheaf cohomology and free resolutions over exterior algebras},
   JOURNAL = {Trans. Amer. Math. Soc.},
  FJOURNAL = {Transactions of the American Mathematical Society},
    VOLUME = {355},
      YEAR = {2003},
    NUMBER = {11},
     PAGES = {4397--4426},
      ISSN = {0002-9947},
   MRCLASS = {14F05 (13D02)},
  MRNUMBER = {1990756},
MRREVIEWER = {David A. Jorgensen},
       DOI = {10.1090/S0002-9947-03-03291-4},
       URL = {https://doi.org/10.1090/S0002-9947-03-03291-4},
}

@article {Nag58,
    AUTHOR = {Nagata, Masayoshi},
     TITLE = {A general theory of algebraic geometry over {D}edekind
              domains. {II}. {S}eparably generated extensions and regular
              local rings},
   JOURNAL = {Amer. J. Math.},
  FJOURNAL = {American Journal of Mathematics},
    VOLUME = {80},
      YEAR = {1958},
     PAGES = {382--420},
      ISSN = {0002-9327},
   MRCLASS = {13.00 (14.00)},
  MRNUMBER = {94344},
MRREVIEWER = {P. Samuel},
       DOI = {10.2307/2372791},
       URL = {https://doi.org/10.2307/2372791},
}

@article {NR,
    AUTHOR = {Northcott, D. G. and Rees, D.},
     TITLE = {Reductions of ideals in local rings},
   JOURNAL = {Proc. Cambridge Philos. Soc.},
  FJOURNAL = {Proceedings of the Cambridge Philosophical Society},
    VOLUME = {50},
      YEAR = {1954},
     PAGES = {145--158},
      ISSN = {0008-1981},
   MRCLASS = {09.1X},
  MRNUMBER = {59889},
MRREVIEWER = {P. Samuel},
       DOI = {10.1017/s0305004100029194},
       URL = {https://doi.org/10.1017/s0305004100029194},
}

@book {HS,
    AUTHOR = {Huneke, Craig and Swanson, Irena},
     TITLE = {Integral closure of ideals, rings, and modules},
    SERIES = {London Mathematical Society Lecture Note Series},
    VOLUME = {336},
 PUBLISHER = {Cambridge University Press, Cambridge},
      YEAR = {2006},
     PAGES = {xiv+431},
      ISBN = {978-0-521-68860-4; 0-521-68860-4},
   MRCLASS = {13B22 (13A18 13A30 13A35 13H15 14A05)},
  MRNUMBER = {2266432},
MRREVIEWER = {Liam O'Carroll},
}

@article {BE_77,
    AUTHOR = {Buchsbaum, David A. and Eisenbud, David},
     TITLE = {What annihilates a module?},
   JOURNAL = {J. Algebra},
  FJOURNAL = {Journal of Algebra},
    VOLUME = {47},
      YEAR = {1977},
    NUMBER = {2},
     PAGES = {231--243},
      ISSN = {0021-8693},
   MRCLASS = {14B15 (13C10 14M10)},
  MRNUMBER = {476736},
MRREVIEWER = {N. Popescu},
       DOI = {10.1016/0021-8693(77)90223-X},
       URL = {https://doi.org/10.1016/0021-8693(77)90223-X},
}



@incollection {Popescu-Roczen,
    AUTHOR = {Popescu, Dorin and Roczen, Marko},
     TITLE = {Indecomposable {C}ohen-{M}acaulay modules and irreducible
              maps},
      NOTE = {Algebraic geometry (Berlin, 1988)},
   JOURNAL = {Compositio Math.},
  FJOURNAL = {Compositio Mathematica},
    VOLUME = {76},
      YEAR = {1990},
    NUMBER = {1-2},
     PAGES = {277--294},
      ISSN = {0010-437X},
   MRCLASS = {13C14 (13H10 14B12)},
  MRNUMBER = {1078867},
MRREVIEWER = {Yuji Yoshino},
       URL = {http://www.numdam.org/item?id=CM_1990__76_1-2_277_0},
}

@article {ERT,
    AUTHOR = {Eisenbud, David and Reeves, Alyson and Totaro, Burt},
     TITLE = {Initial ideals, {V}eronese subrings, and rates of algebras},
   JOURNAL = {Adv. Math.},
  FJOURNAL = {Advances in Mathematics},
    VOLUME = {109},
      YEAR = {1994},
    NUMBER = {2},
     PAGES = {168--187},
      ISSN = {0001-8708},
   MRCLASS = {13F20 (13D03 13P10)},
  MRNUMBER = {1304751},
MRREVIEWER = {Ralf Fr\"{o}berg},
       DOI = {10.1006/aima.1994.1085},
       URL = {https://doi.org/10.1006/aima.1994.1085},
}

@article {DKT,
    AUTHOR = {Dao, Hailong and Kobayashi, Toshinori and Takahashi, Ryo},
     TITLE = {Burch ideals and {B}urch rings},
   JOURNAL = {Algebra \& Number Theory},
  FJOURNAL = {Algebra \& Number Theory},
    VOLUME = {14},
      YEAR = {2020},
    NUMBER = {8},
     PAGES = {2121--2150},
      ISSN = {1937-0652},
   MRCLASS = {13C13 (13D09 13H10)},
  MRNUMBER = {4172703},
MRREVIEWER = {Nguyen Minh Tri},
       DOI = {10.2140/ant.2020.14.2121},
       URL = {https://doi.org/10.2140/ant.2020.14.2121},
}

@article {GIK,
    AUTHOR = {Goto, Shiro and Isobe, Ryotaro and Kumashiro, Shinya},
     TITLE = {Correspondence between trace ideals and birational extensions
              with application to the analysis of the {G}orenstein property
              of rings},
   JOURNAL = {J. Pure Appl. Algebra},
  FJOURNAL = {Journal of Pure and Applied Algebra},
    VOLUME = {224},
      YEAR = {2020},
    NUMBER = {2},
     PAGES = {747--767},
      ISSN = {0022-4049},
   MRCLASS = {13H10 (13A30 13H15)},
  MRNUMBER = {3987974},
MRREVIEWER = {Dumitru Ioan Stamate},
       DOI = {10.1016/j.jpaa.2019.06.008},
       URL = {https://doi.org/10.1016/j.jpaa.2019.06.008},
}

@article {EP_LR,
    AUTHOR = {Eisenbud, David and Peeva, Irena},
     TITLE = {Layered resolutions of {C}ohen-{M}acaulay modules},
   JOURNAL = {J. Eur. Math. Soc. (JEMS)},
  FJOURNAL = {Journal of the European Mathematical Society (JEMS)},
    VOLUME = {23},
      YEAR = {2021},
    NUMBER = {3},
     PAGES = {845--867},
      ISSN = {1435-9855},
   MRCLASS = {13D02 (13C14 13H10 14M10)},
  MRNUMBER = {4210725},
MRREVIEWER = {Jason Gordon McCullough},
       DOI = {10.4171/jems/1024},
       URL = {https://doi.org/10.4171/jems/1024},
}

@article {GOTWY,
    AUTHOR = {Goto, Shiro and Ozeki, Kazuho and Takahashi, Ryo and Watanabe,
              Kei-Ichi and Yoshida, Ken-Ichi},
     TITLE = {Ulrich ideals and modules},
   JOURNAL = {Math. Proc. Cambridge Philos. Soc.},
  FJOURNAL = {Mathematical Proceedings of the Cambridge Philosophical
              Society},
    VOLUME = {156},
      YEAR = {2014},
    NUMBER = {1},
     PAGES = {137--166},
      ISSN = {0305-0041},
   MRCLASS = {13H10 (13D02)},
  MRNUMBER = {3144215},
MRREVIEWER = {Marcel Morales},
       DOI = {10.1017/S0305004113000571},
       URL = {https://doi.org/10.1017/S0305004113000571},
}

@article {Koszul_reg_AE,
    AUTHOR = {Avramov, Luchezar L. and Eisenbud, David},
     TITLE = {Regularity of modules over a {K}oszul algebra},
   JOURNAL = {J. Algebra},
  FJOURNAL = {Journal of Algebra},
    VOLUME = {153},
      YEAR = {1992},
    NUMBER = {1},
     PAGES = {85--90},
      ISSN = {0021-8693},
   MRCLASS = {16E99 (16W50)},
  MRNUMBER = {1195407},
MRREVIEWER = {Dinh Van Huynh},
       DOI = {10.1016/0021-8693(92)90149-G},
       URL = {https://doi.org/10.1016/0021-8693(92)90149-G},
}


@incollection {McCPeeva,
    AUTHOR = {McCullough, Jason and Peeva, Irena},
     TITLE = {Infinite graded free resolutions},
 BOOKTITLE = {Commutative algebra and noncommutative algebraic geometry.
              {V}ol. {I}},
    SERIES = {Math. Sci. Res. Inst. Publ.},
    VOLUME = {67},
     PAGES = {215--257},
 PUBLISHER = {Cambridge Univ. Press, New York},
      YEAR = {2015},
   MRCLASS = {13D02},
  MRNUMBER = {3525473},
MRREVIEWER = {L\^{e} Tu\^{a}n Hoa},
}

@incollection{farkas,
    AUTHOR = {Farkas, Gavril},
     TITLE = {Progress on syzygies of algebraic curves},
 BOOKTITLE = {Moduli of curves},
    SERIES = {Lect. Notes Unione Mat. Ital.},
    VOLUME = {21},
     PAGES = {107--138},
 PUBLISHER = {Springer, Cham},
      YEAR = {2017},
   MRCLASS = {14H10 (13D02)},
  MRNUMBER = {3729076},
MRREVIEWER = {Haohao Wang},
}  